<?xml version="1.0" encoding="utf-8"?>
<record xmlns="http://www.loc.gov/MARC21/slim" xmlns:xsi="http://www.w3.org/2001/XMLSchema-instance" xsi:schemaLocation="http://www.loc.gov/MARC21/slim http://www.loc.gov/standards/marcxml/schema/MARC21slim.xsd">
	<leader>     nam a22        4500</leader>
	<controlfield tag="001">b12442410</controlfield>
	<controlfield tag="003">LeBAU</controlfield>
	<controlfield tag="006">m        d        </controlfield>
	<controlfield tag="007">cr cn |||m|||a</controlfield>
	<controlfield tag="008">170718s1909    ua      o     000 0 ara d</controlfield>
	<datafield ind1=" " ind2=" " tag="040">
		<subfield code="a">NNU</subfield>
		<subfield code="b">ara</subfield>
		<subfield code="e">rda</subfield>
		<subfield code="c">NNU</subfield>
	</datafield>
	<datafield ind1="0" ind2="4" tag="082">
		<subfield code="a">349.297</subfield>
		<subfield code="2">20</subfield>
	</datafield>
	<datafield ind1="0" ind2=" " tag="100">
		<subfield code="6">880-01</subfield>
		<subfield code="a">Walī Allāh al-Dihlawī,</subfield>
		<subfield code="d">1702 or 1703-1762 or 1763,</subfield>
		<subfield code="e">author.</subfield>
	</datafield>
	<datafield ind1="1" ind2="0" tag="245">
		<subfield code="6">880-02</subfield>
		<subfield code="a">Hādhihi Majmūʻah mushtamilah ʻalá thalāth rasāʼil :</subfield>
		<subfield code="b">al-ūlá al-musammāt bi-al-Inṣāf fī Bayān Sabab al-Ikhtilāf ; wa-al-thānīya al-musammāt ‘Iqd al-Jīd fī Aḥkām al-Ijtihād wa-al-Taqlīd /</subfield>
		<subfield code="c">taṣnīf ‘ālim al-zamān fakhr al-‘ulamā’ khatm al-muḥaddithīn mujaddid al-qarn al-thānī ‘ashar Shāh Waliy Allah al-Dihlawī al-mutawaffá sanat 1180. Wa-al-thālithah al-musammāt bi-al-Aqwāl al-Mu‘arrabah ‘an Aḥwāl al-Ashribah / ta’līf ‘allāmat zamānihi wa-mujtahid awānihi shaykh al-Islām wa-muftī al-anām al-shaykh Ḥasan al-Jabratī al-Ḥanafī, muftī al-Dīyar al-Miṣrīyah al-mutawaffá sanat 1180.</subfield>
	</datafield>
	<datafield ind1=" " ind2="1" tag="264">
		<subfield code="6">880-03</subfield>
		<subfield code="a">Miṣr :</subfield>
		<subfield code="b">Maṭbaʻat Sharikat al-Maṭbūʻāt al-ʻIlmīyah,</subfield>
		<subfield code="c">1327 H., [1909 M.]</subfield>
	</datafield>
	<datafield ind1=" " ind2=" " tag="300">
		<subfield code="6">880-04</subfield>
		<subfield code="a">online resource (64 pages)</subfield>
	</datafield>
	<datafield ind1=" " ind2=" " tag="336">
		<subfield code="a">text</subfield>
		<subfield code="2">rdacontent</subfield>
	</datafield>
	<datafield ind1=" " ind2=" " tag="337">
		<subfield code="a">computer</subfield>
		<subfield code="2">rdamedia</subfield>
	</datafield>
	<datafield ind1=" " ind2=" " tag="338">
		<subfield code="a">online resource</subfield>
		<subfield code="2">rdacarrier</subfield>
	</datafield>
	<datafield ind1=" " ind2=" " tag="500">
		<subfield code="a">Part of the Arabic Collections Online (ACO) project, contributed by American University of Beirut's Jafet Memorial Library.</subfield>
	</datafield>
	<datafield ind1=" " ind2=" " tag="533">
		<subfield code="a">Electronic reproduction.</subfield>
		<subfield code="b">New York, N.Y. :</subfield>
		<subfield code="c">New York University,</subfield>
		<subfield code="d">2017.</subfield>
		<subfield code="5">NNU</subfield>
	</datafield>
	<datafield ind1=" " ind2="4" tag="650">
		<subfield code="a">الفقه الاسلامي</subfield>
		<subfield code="v">اعمال قديمة حتى 1800.</subfield>
	</datafield>
	<datafield ind1=" " ind2="4" tag="650">
		<subfield code="a">الفقه الاسلامي</subfield>
		<subfield code="x">تفسير وبنية</subfield>
		<subfield code="v">اعمال قديمة حتى 1800.</subfield>
	</datafield>
	<datafield ind1=" " ind2="4" tag="650">
		<subfield code="a">المشروبات الكحولية</subfield>
		<subfield code="x">النواحي الدينية</subfield>
		<subfield code="x">الاسلام</subfield>
		<subfield code="v">اعمال قديمة حتى 1800.</subfield>
	</datafield>
	<datafield ind1=" " ind2="0" tag="650">
		<subfield code="a">Islamic law</subfield>
		<subfield code="v">Early works to 1800.</subfield>
	</datafield>
	<datafield ind1=" " ind2="0" tag="650">
		<subfield code="a">Islamic law</subfield>
		<subfield code="x">Interpretation and construction</subfield>
		<subfield code="v">Early works to 1800.</subfield>
	</datafield>
	<datafield ind1=" " ind2="0" tag="650">
		<subfield code="a">Alcoholic beverages</subfield>
		<subfield code="x">Religious aspects</subfield>
		<subfield code="x">Islam</subfield>
		<subfield code="v">Early works to 1800.</subfield>
	</datafield>
	<datafield ind1="0" ind2="2" tag="700">
		<subfield code="6">880-05</subfield>
		<subfield code="a">Walī Allāh al-Dihlawī,</subfield>
		<subfield code="d">1702 or 1703-1762 or 1763.</subfield>
		<subfield code="t">Inṣāf fī Bayān Sabab al-Ikhtilāf.</subfield>
	</datafield>
	<datafield ind1="0" ind2="2" tag="700">
		<subfield code="6">880-06</subfield>
		<subfield code="a">Walī Allāh al-Dihlawī,</subfield>
		<subfield code="d">1702 or 1703-1762 or 1763.</subfield>
		<subfield code="t">‘Iqd al-Jīd fī Aḥkām al-Ijtihād wa-al-Taqlīd.</subfield>
	</datafield>
	<datafield ind1="0" ind2="2" tag="700">
		<subfield code="6">880-07</subfield>
		<subfield code="a">Jabartī, Ḥasan ibn Ibrāhīm,</subfield>
		<subfield code="d">1698 or 1699-1774?.</subfield>
		<subfield code="t">Aqwāl al-Mu‘arrabah ‘an Aḥwāl al-Ashribah.</subfield>
	</datafield>
	<datafield ind1="2" ind2=" " tag="710">
		<subfield code="a">Jafet Memorial Library.</subfield>
	</datafield>
	<datafield ind1="0" ind2=" " tag="730">
		<subfield code="a">Arabic Collections Online.</subfield>
	</datafield>
	<datafield ind1="0" ind2="8" tag="776">
		<subfield code="i">Print version:</subfield>
		<subfield code="a">Walī Allāh al-Dihlawī, 1702 or 1703-1762 or 1763, author.</subfield>
		<subfield code="t">Hādhihi Majmūʻah mushtamilah ʻalá thalāth rasāʼil</subfield>
		<subfield code="w">(LeBAU)b12442410</subfield>
	</datafield>
	<datafield ind1="4" ind2="0" tag="856">
		<subfield code="u">http://hdl.handle.net/2333.1/q2bvqdz6</subfield>
	</datafield>
	<datafield ind1="0" ind2=" " tag="880">
		<subfield code="6">100-01/(3/r</subfield>
		<subfield code="a">ولي الله الدهلوي،</subfield>
		<subfield code="d">1702 او 1703-1762 او 1763،</subfield>
		<subfield code="e">مؤلف. </subfield>
		<subfield code="4">aut.</subfield>
	</datafield>
	<datafield ind1="1" ind2="0" tag="880">
		<subfield code="6">245-02/(3/r</subfield>
		<subfield code="a">هذه مجموعة مشتملة على ثلاث رسائل :</subfield>
		<subfield code="b">الأولى المسماة بالإنصاف في بيان سبب الإختلاف ؛ والثانية المسماة عقد الجيد في أحكام الإجتهاد والتقليد /</subfield>
		<subfield code="c">تصنيف عالم الزمان فخر العلماء ختم المحدثين مجدد القرن الثاني عشر شاه ولي الله الدهلوي المتوفى سنة 1180 .والثالثة المسماة بالأقوال المعربة عن أحوال الأشربة / تأليف علامة زمانه ومجتهد أوانه شيخ الإسلام ومفتي الأنام الشيخ حسن الجبرتي الحنفي، مفتي الديار المصرية المتوفى سنة 1180.</subfield>
	</datafield>
	<datafield ind1=" " ind2="1" tag="880">
		<subfield code="6">264-03/(3/r</subfield>
		<subfield code="a">مصر :</subfield>
		<subfield code="b">مطبعة شركة المطبوعات العلمية،</subfield>
		<subfield code="c">1327 هـ.، [1909 م.]</subfield>
	</datafield>
	<datafield ind1=" " ind2=" " tag="880">
		<subfield code="6">300-04/(3/r</subfield>
		<subfield code="a">64 صفحة ؛</subfield>
		<subfield code="c">23 سم</subfield>
	</datafield>
	<datafield ind1="0" ind2="2" tag="880">
		<subfield code="6">700-05/(3/r</subfield>
		<subfield code="a">ولي الله الدهلوي،</subfield>
		<subfield code="d">1702 او 1703-1762 او 1763.</subfield>
		<subfield code="t">الإنصاف في بيان سبب الإختلاف.</subfield>
	</datafield>
	<datafield ind1="0" ind2="2" tag="880">
		<subfield code="6">700-06/(3/r</subfield>
		<subfield code="a">ولي الله الدهلوي،</subfield>
		<subfield code="d">1702 او 1703 او 1762 او 1763.</subfield>
		<subfield code="t">عقد الجيد في أحكام الإجتهاد والتقليد.</subfield>
	</datafield>
	<datafield ind1="0" ind2="2" tag="880">
		<subfield code="6">700-07/(3/r</subfield>
		<subfield code="a">الجبرتي، حسن بن ابراهيم،</subfield>
		<subfield code="d">1698 او 1699-1774؟.</subfield>
		<subfield code="t">الأقوال المعربة عن أحوال الأشربة.</subfield>
	</datafield>
	<datafield ind1=" " ind2=" " tag="959">
		<subfield code="a">NNU</subfield>
		<subfield code="b">WEB</subfield>
		<subfield code="c">GENI</subfield>
		<subfield code="t">0</subfield>
		<subfield code="m">Electronic access</subfield>
		<subfield code="s">01</subfield>
	</datafield>
	<datafield ind1=" " ind2=" " tag="999">
		<subfield code="i">LeBAU_b12442410</subfield>
		<subfield code="s">aub_aco001214</subfield>
		<subfield code="e">(ERROR-MISC)</subfield>
	</datafield>
</record>
